<?xml version="1.0" encoding="UTF-8"?><collection xmlns="http://www.loc.gov/MARC21/slim"><record><leader>00459nam--2200181-i-4500</leader><controlfield tag="001">000007050</controlfield><controlfield tag="002">20161230</controlfield><controlfield tag="005">20170113145800</controlfield><controlfield tag="008">060222s1000------------r-----000-0-eng-d</controlfield><datafield ind1=" " ind2=" " tag="040"><subfield code="a">IFIN-HH</subfield></datafield><datafield ind1=" " ind2=" " tag="080"><subfield code="a">621.375.9</subfield></datafield><datafield ind1="1" ind2=" " tag="100"><subfield code="a">Allen, L</subfield></datafield><datafield ind1="1" ind2="0" tag="245"><subfield code="a">Principles of gas lasers</subfield><subfield code="c">L. Allen, D.G.C. Jones</subfield></datafield><datafield ind1=" " ind2=" " tag="260"><subfield code="a">London</subfield><subfield code="b">Butterworths</subfield><subfield code="c">1967</subfield></datafield><datafield ind1="1" ind2=" " tag="300"><subfield code="a">IX+158 p</subfield></datafield><datafield ind1="1" ind2=" " tag="700"><subfield code="a">Jones, D. G. C</subfield></datafield><datafield ind1=" " ind2=" " tag="852"><subfield code="a">26957</subfield><subfield code="c">621.375.9</subfield></datafield><datafield ind1=" " ind2=" " tag="CAT"><subfield code="a">SYS</subfield><subfield code="c">20170113</subfield><subfield code="h">145800</subfield></datafield></record></collection>